@book{mlr3book,
  title = {Machine Learning with R: A Complete Guide},
  author = {Martin Binder and Michel Lang and Lars Kotthoff and Patrick Schratz and Giuseppe Casalicchio and Bernd Bischl},
  year = {2023},
  publisher = {mlr3book.mlr-org.com},
  url = {https://mlr3book.mlr-org.com/}
}
@book{Hurn2019,
  title={Financial Econometric Modeling},
  author={Stan Hurn and Vance Martin and Annastiina Silvennoinen},
  year={2019},
  publisher={Oxford University Press},
  address={New York},
  isbn={9780190857067},
  url={https://www.amazon.com/Financial-Econometric-Modeling-Stan-Hurn/dp/0190857064}
}
@book{Fan2019,
  title={Nonlinear Time Series Analysis},
  author={Jianqing Fan and Qiwei Yao},
  year={2019},
  publisher={Wiley},
  series={Wiley Series in Probability and Statistics},
  address={Hoboken, NJ},
  isbn={9781119264059},
  url={https://www.amazon.com/Nonlinear-Analysis-Wiley-Probability-Statistics/dp/1119264057}
}
@misc{Coursera2024,
  author = {Andrew Ng and DeepLearning.AI},
  title = {Machine Learning Specialization},
  howpublished = {\url{https://www.coursera.org/specializations/machine-learning-introduction?action=enroll&utm_campaign=WebsiteCourses-MLS-TopButton-mls-launch-2022&utm_medium=institutions&utm_source=deeplearning-ai}},
  note = {Accessed: 2024-06-11}
}
@misc{Fastai2024,
  author = {Jeremy Howard and Sylvain Gugger},
  title = {Fast.ai Course: Practical Deep Learning for Coders - Lesson 1},
  howpublished = {\url{https://course.fast.ai/Lessons/lesson1.html}},
  note = {Accessed: 2024-06-11}
}
@article{jegadeesh1993returns,
  title={Returns to Buying Winners and Selling Losers: Implications for Stock Market Efficiency},
  author={Jegadeesh, Narasimhan and Titman, Sheridan},
  journal={The Journal of Finance},
  volume={48},
  number={1},
  pages={65-91},
  year={1993},
  publisher={Wiley for the American Finance Association},
  doi={10.2307/2328882},
  url={https://www.jstor.org/stable/2328882}
}
@article{gurrib2016moving,
  title={The Moving Average Crossover Strategy: Does It Work for the S\&P500 Market Index?},
  author={Ikhlaas Gurrib},
  year={2016},
  journal={SSRN Electronic Journal},
  url={https://papers.ssrn.com/sol3/papers.cfm?abstract_id=2578302}
}
@book{clenow2023following,
  title={Following the Trend: Diversified Managed Futures Trading},
  author={Clenow, Andreas F.},
  year={2023},
  edition={2nd},
  publisher={Wiley},
  isbn={978-1-119-90898-1}
}


@misc{twitter_user_2023,
  author = {{Twitter User}},
  title = {Tweet text or a brief description of the tweet},
  howpublished = {\url{https://x.com/i/bookmarks?post_id=1746581130000646267}},
  year = {2023},
  note = {Accessed: YYYY-MM-DD}
}
